<?xml version="1.0" encoding="UTF-8"?><record xmlns="http://www.loc.gov/MARC21/slim" xmlns:cinclude="http://apache.org/cocoon/include/1.0" xmlns:zs="http://www.loc.gov/zing/srw/">
  <leader>00934cz  a2200181n  4500</leader>
  <controlfield tag="001">n  88230209 </controlfield>
  <controlfield tag="003">DLC</controlfield>
  <controlfield tag="005">20141217081129.0</controlfield>
  <controlfield tag="008">890213n| acannaab           |n aba      </controlfield>
  <datafield tag="010" ind1=" " ind2=" ">
    <subfield code="a">n  88230209 </subfield>
  </datafield>
  <datafield tag="040" ind1=" " ind2=" ">
    <subfield code="a">DLC</subfield>
    <subfield code="b">eng</subfield>
    <subfield code="c">DLC</subfield>
    <subfield code="d">DLC</subfield>
  </datafield>
  <datafield tag="100" ind1="1" ind2=" ">
    <subfield code="a">Risley, John S.</subfield>
  </datafield>
  <datafield tag="667" ind1=" " ind2=" ">
    <subfield code="a">THIS 1XX FIELD CANNOT BE USED UNDER RDA UNTIL THIS UNDIFFERENTIATED RECORD HAS BEEN HANDLED FOLLOWING THE GUIDELINES IN DCM Z1 008/32</subfield>
  </datafield>
  <datafield tag="670" ind1=" " ind2=" ">
    <subfield code="a">[Editor of Conference on Computers in Physics Instruction proceedings]</subfield>
  </datafield>
  <datafield tag="670" ind1=" " ind2=" ">
    <subfield code="a">Conference on Computers in Physics Instruction (1988 : North Carolina State University). The Conference on ... 1989:</subfield>
    <subfield code="b">CIP t.p. (John S. Risley, N.C. St. University)</subfield>
  </datafield>
  <datafield tag="670" ind1=" " ind2=" ">
    <subfield code="a">LC data base, 2/8/89</subfield>
    <subfield code="b">(hdg.: Risley, John S.)</subfield>
  </datafield>
  <datafield tag="670" ind1=" " ind2=" ">
    <subfield code="a">[Added entry on J. Risley papers]</subfield>
  </datafield>
  <datafield tag="670" ind1=" " ind2=" ">
    <subfield code="a">NUCMC data from Atlantic County Historical Society for Risley, J. Papers, 1807-1928</subfield>
    <subfield code="b">(John S. Risley; property owner of Atlantic County, N.J.)</subfield>
  </datafield>
</record>